@ARTICLE {markweiser1991,
    author  = "Mark Weiser",
    title   = "{T}he {C}omputer for the {T}wenty-{F}irst {C}entury",
    journal = "Scientific American",
    year    = "1991",
    pages   = "94-104",
    month   = "sep"
}

@ARTICLE {reginaborgesdearaujo,
    author = "Regina Borges de Araujo",
    title  = "{C}omputação {U}bíqua: {P}rincípios, {T}ecnologias e {D}esafios",
    note   = "Departamento de Computação – Universidade Federal de S. Carlos (UFSCar)"
}

@BOOK {mirkopresser2012,
    author    = "Mirko Presser",
    title     = "Inspiring the Internet of Things - Special Edition",
    publisher = "The Alexandra Institute",
    year      = "2012",
    address   = "IT City of Katrinebjerg, Aarhus"
}

@BOOK {mcewencassimally2013,
    author    = "Adrian McEwen, Hakim Cassimally",
    title     = "Designing the Internet of Things",
    publisher = "Wiley",
    year      = "2013",
    isbn      = "9781118430651",
    address   = "United Kingdom, UK"
}

@BOOK {francisdacosta2013,
    author    = "Francis daCosta",
    title     = "Rethinking the Internet of Things: A Scalable Approach to Connecting Everything",
    publisher = "Apress",
    year      = "2013",
    series    = "SpringerLink: Bücher",
    isbn      = "9781430257400",
    lccn      = "2014412798",
    address   = "Santa Clara, California"
}

@BOOK {mqttibm2012,
    author    = "Valerie Lampkin, Weng Tat Leong, Leonardo Olivera, Sweta Rawat, Nagesh Subrahmanyam, Rong Xiang",
    title     = "Building Smarter Planet Solutions with MQTT and IBM WebSphere MQ Telemetry",
    publisher = "IBM Redbooks",
    year      = "2012",
    isbn      = "9780738437088",
    address   = "North Castle Drive, Armonk, NY"
}

@BOOK {iangsmith2012,
    author    = "Ian G Smith",
    title     = "The Internet of Things 2012 New Horizons",
    publisher = "IERC - Internet of Things European Research Cluster",
    year      = "2012",
    isbn      = "9780955370793",
    address   = "Halifax, UK"
}

@BOOK {bahgamadisetti2014,
    author    = "Arshdeep Bahga, Vijay Madisetti",
    title     = "Internet of Things: A Hands-On Approach",
    publisher = "Vpt",
    year      = "2014",
    isbn      = "9780996025515",
    address   = ""
}

@BOOK {tanenbaum2013structured,
    author    = "Andrew S. Tanenbaum, Todd Austin",
    title     = "Structured Computer Organization",
    publisher = "Prentice Hall",
    year      = "2013",
    edition   = "sixth",
    isbn      = "9780132916523",
    address   = "Upper Saddle River, NJ"
}

@BOOK {patterson2013computer,
    author    = "David A. Patterson, John L. Hennessy",
    title     = "Computer Organization and Design: The Hardware/Software Interface",
    publisher = "Elsevier Science",
    year      = "2013",
    series    = "The Morgan Kaufmann Series in Computer Architecture and Design",
    edition   = "fifth",
    isbn      = "9780124078864",
    address   = "Waltham, MA"
}

@BOOK {mateusloureiro2004,
    author    = "Geraldo Robson Mateus, Antonio Alfredo Ferreira Loureiro",
    title     = "Introdução à Computação Móvel",
    publisher = "Departamento de Ciência da Computação da UFMG",
    year      = "2004",
    edition   = "second",
    address   = ""
}

@online{kevinashton2009,
    author = "Kevin Ashton",
    title  = "That 'Internet of Things' Thing",
    year   = "2009",
    date   = "Jun 22, 2009",
    url    = "http://www.rfidjournal.com/articles/view?4986",
    urldate = "14 de Março de 2015"
}